<record><leader>00000cas a22000007a 4500</leader><controlfield tag="001">13749415</controlfield><controlfield tag="008">860619d18851903inuwr ne      0    0eng d</controlfield><datafield ind1=" " ind2=" " tag="010"><subfield code="a">sn 86058625 </subfield></datafield><datafield ind1=" " ind2=" " tag="040"><subfield code="a">NPI</subfield><subfield code="b">eng</subfield><subfield code="c">NPI</subfield><subfield code="d">OCLCQ</subfield></datafield><datafield ind1=" " ind2=" " tag="042"><subfield code="a">msc</subfield></datafield><datafield ind1="0" ind2=" " tag="130"><subfield code="a">Knightstown sun (Knightstown, Ind. : 1885)</subfield></datafield><datafield ind1="1" ind2="4" tag="245"><subfield code="a">The Knightstown sun.</subfield></datafield><datafield ind1=" " ind2=" " tag="260"><subfield code="a">Knightstown, Ind. :</subfield><subfield code="b">W.K. Deem,</subfield><subfield code="c">1885-1903.</subfield></datafield><datafield ind1=" " ind2=" " tag="300"><subfield code="a">v. :</subfield><subfield code="b">ill. ;</subfield><subfield code="c">56 cm.</subfield></datafield><datafield ind1=" " ind2=" " tag="310"><subfield code="a">Weekly</subfield></datafield><datafield ind1="0" ind2=" " tag="362"><subfield code="a">Vol. 1, no. 1 (Dec. 18, 1885)-v. 21, no. 28 (July 16, 1903).</subfield></datafield><datafield ind1=" " ind2=" " tag="515"><subfield code="a">Has numbering irregularities.</subfield></datafield><datafield ind1=" " ind2=" " tag="752"><subfield code="a">United States</subfield><subfield code="b">Indiana</subfield><subfield code="c">Henry</subfield><subfield code="d">Knightstown.</subfield></datafield><datafield ind1="0" ind2="0" tag="785"><subfield code="t">Tri-county weekly journal-sun</subfield><subfield code="w">(DLC)sn 86058626</subfield></datafield></record>